<record><leader>00000cas a2200000 a 4500</leader><controlfield tag="001">1519496</controlfield><controlfield tag="008">750807d19031904mnudn ne      0   a0eng  </controlfield><controlfield tag="009">501</controlfield><datafield ind1=" " ind2=" " tag="010"><subfield code="a">sn 90059049 </subfield></datafield><datafield ind1=" " ind2=" " tag="040"><subfield code="a">MUL</subfield><subfield code="b">eng</subfield><subfield code="c">MUL</subfield><subfield code="d">OCL</subfield><subfield code="d">MN#</subfield><subfield code="d">OCLCQ</subfield><subfield code="d">DLC</subfield><subfield code="d">OCLCF</subfield></datafield><datafield ind1=" " ind2=" " tag="012"><subfield code="l">a</subfield></datafield><datafield ind1="0" ind2=" " tag="022"><subfield code="a">2163-7350</subfield><subfield code="2">1</subfield></datafield><datafield ind1="1" ind2=" " tag="029"><subfield code="a">AU@</subfield><subfield code="b">000025876937</subfield></datafield><datafield ind1=" " ind2=" " tag="042"><subfield code="a">pcc</subfield><subfield code="a">nsdp</subfield></datafield><datafield ind1=" " ind2=" " tag="043"><subfield code="a">n-us-mn</subfield></datafield><datafield ind1="0" ind2="0" tag="050"><subfield code="a">Newspaper</subfield></datafield><datafield ind1=" " ind2=" " tag="052"><subfield code="a">4144</subfield><subfield code="b">B3</subfield></datafield><datafield ind1=" " ind2=" " tag="052"><subfield code="a">4143</subfield><subfield code="b">B3</subfield></datafield><datafield ind1="1" ind2="0" tag="082"><subfield code="a">070</subfield><subfield code="2">14</subfield></datafield><datafield ind1="0" ind2=" " tag="130"><subfield code="a">Daily pioneer (Bemidji, Minn. : 1903)</subfield></datafield><datafield ind1=" " ind2="4" tag="222"><subfield code="a">The daily pioneer</subfield><subfield code="b">(Bemidji, Minn. 1903)</subfield></datafield><datafield ind1="1" ind2="4" tag="245"><subfield code="a">The daily pioneer.</subfield></datafield><datafield ind1=" " ind2=" " tag="260"><subfield code="a">Bemidji, Beltrami Co., Minn. :</subfield><subfield code="b">Edward Kaiser,</subfield><subfield code="c">1903-1904.</subfield></datafield><datafield ind1=" " ind2=" " tag="300"><subfield code="a">1 v.</subfield></datafield><datafield ind1=" " ind2=" " tag="310"><subfield code="a">Daily (except Sunday)</subfield></datafield><datafield ind1="0" ind2=" " tag="362"><subfield code="a">Vol. 1, no. 1 (Apr. 20, 1903)-v. 1, no. 238 (Jan. 29, 1904).</subfield></datafield><datafield ind1=" " ind2=" " tag="530"><subfield code="a">Archived issues are available in digital format as part of the Library of Congress Chronicling America online collection.</subfield></datafield><datafield ind1=" " ind2="0" tag="651"><subfield code="a">Bemidji (Minn.)</subfield><subfield code="v">Newspapers.</subfield></datafield><datafield ind1=" " ind2="7" tag="655"><subfield code="a">Newspapers.</subfield><subfield code="2">fast</subfield><subfield code="0">(OCoLC)fst01423814</subfield></datafield><datafield ind1=" " ind2="7" tag="651"><subfield code="a">Minnesota</subfield><subfield code="z">Bemidji.</subfield><subfield code="2">fast</subfield><subfield code="0">(OCoLC)fst01218730</subfield></datafield><datafield ind1=" " ind2=" " tag="752"><subfield code="a">United States</subfield><subfield code="b">Minnesota</subfield><subfield code="c">Beltrami</subfield><subfield code="d">Bemidji.</subfield></datafield><datafield ind1="0" ind2=" " tag="775"><subfield code="t">Bemidji pioneer</subfield><subfield code="x">2163-7342</subfield><subfield code="w">(DLC)sn 90059048</subfield><subfield code="w">(OCoLC)21095854</subfield></datafield><datafield ind1="0" ind2="0" tag="785"><subfield code="t">Bemidji daily pioneer</subfield><subfield code="x">2163-4831</subfield><subfield code="w">(DLC)sn 86063381</subfield><subfield code="w">(OCoLC)13870014</subfield></datafield><datafield ind1="4" ind2="1" tag="856"><subfield code="u">http://www.loc.gov/chroniclingamerica/lccn/sn90059049/issues</subfield></datafield></record>